% Encoding: UTF-8

@InProceedings{Wong2005,
  author    = {Wong, L and Carvalho, Jos{\'e} Alberto M de},
  booktitle = {XXV IUSSP general population conference. Tours, France},
  title     = {Demographic bonuses and challenges of the age structural transition in Brazil},
  year      = {2005},
  pages     = {18--23},
}

@Book{Faria1989,
  author    = {Faria, Vilmar},
  publisher = {ANPOCS. Ciências sociais hoje. São Paulo: Anpocs/Vértice},
  title     = {Pol{\'\i}ticas de governo e regula{\c{c}}{\~a}o da fecundidade: conseq{\"u}{\^e}ncias n{\~a}o antecipadas e efeitos perversos},
  year      = {1989},
  number    = {p. 62-103},
}

@Article{Goncalves2019,
  author    = {Gon{\c{c}}alves, Guilherme Quaresma and Carvalho, Jos{\'e} Alberto Magno de and Wong, Laura L{\'\i}dia Rodr{\'\i}guez and Turra, C{\'a}ssio Maldonado},
  journal   = {Revista Brasileira de Estudos de Popula{\c{c}}{\~a}o},
  title     = {A transi{\c{c}}{\~a}o da fecundidade no Brasil ao longo do s{\'e}culo XX--uma perspectiva regional},
  year      = {2019},
  volume    = {36},
  publisher = {SciELO Brasil},
}

@Article{Teixeira1996,
  author  = {Teixeira, P},
  journal = {Cadernos de Estudos Sociais},
  title   = {Níveis e tendências da mortalidade na Região Norte},
  year    = {1996},
  month   = jul,
  number  = {2},
  pages   = {341-356},
  volume  = {12},
}

@Article{Turra2009,
  author  = {Turra, Cassio M and Queiroz, Bernardo L},
  journal = {Notas de poblaci{\'o}n},
  title   = {Antes de que sea demasiado tarde: transici{\'o}n demogr{\'a}fica, mano de obra disponible y problemas de la seguridad social en el Brasil},
  year    = {2009},
  number  = {86},
}

@Article{Alves2015,
  author  = {Alves, Jos{\'e} Eust{\'a}quio Diniz},
  journal = {Revista Longeviver},
  title   = {O fim do b{\^o}nus demogr{\'a}fico e o processo de envelhecimento no Brasil.},
  year    = {2015},
  number  = {45},
}

@TechReport{Alves2010,
  author      = {Alves, Jos{\'e} Eust{\'a}quio Diniz and Vasconcelos, Daniel de Santana and Alves de Carvalho, Angelita},
  institution = {Instituto de Pesquisa Econômica Aplicada (IPEA)},
  title       = {Estrutura et{\'a}ria, b{\^o}nus demogr{\'a}fico e popula{\c{c}}{\~a}o economicamente ativa no Brasil: cen{\'a}rios de longo prazo e suas implica{\c{c}}{\~o}es para o mercado de trabalho},
  year        = {2010},
  address     = {Brasília},
  number      = {1528},
}

@Unpublished{IBGE2010,
  author = {IBGE},
  note   = {Sidra: sistema IBGE de recuperação automática},
  title  = {Censo Demorgráfico 2010: características da população e dos domicílios: resultados do universo},
  year   = {2010},
  url    = {https://sidra.ibge.gov.br/home/pms/brasil},
}

@Unpublished{IBGE2018,
  author = {IBGE},
  note   = {Sidra: sistema IBGE de recuperação automática},
  title  = {Pesquisa Nacional por Amostra de Domicílios},
  year   = {2018},
  url    = {https://sidra.ibge.gov.br/home/pms/brasil},
}

@Unpublished{DiretoriaIBGE,
  author = {IBGE},
  note   = {IBGE. Diretoria de Pesquisas. Coordenação de População e Indicadores Sociais. Gerência de Estudos e Análises da Dinâmica Demográfica},
  title  = {Projeção da população do Brasil e Unidades da Federação por sexo e idade para o período 2010-2060},
  url    = {https://sidra.ibge.gov.br/home/pms/brasil},
}

@Unpublished{datazoom,
  author = {{Data Zoom}},
  title  = {{Data Zoom, PUC-Rio - Departamento de Economia}},
  url    = {https://sidra.ibge.gov.br/home/pms/brasil},
}

@Article{Corseuil2019,
  author   = {Carlos Henrique Corseuil and Miguel N. Foguel and Gustavo Gonzaga},
  journal  = {Labour Economics},
  title    = {Apprenticeship as a stepping stone to better jobs: Evidence from Brazilian matched employer-employee data},
  year     = {2019},
  issn     = {0927-5371},
  pages    = {177 - 194},
  volume   = {57},
  abstract = {The objective of this paper is to evaluate the Brazilian Apprenticeship program adopted at a large scale since 2000. In particular, we investigate whether the program is a better stepping stone to permanent jobs when compared to other forms of temporary jobs. Similar to other apprenticeship initiatives around the world, the Brazilian program trains young workers under special temporary contracts aiming to help them successfully complete the transition from school to work. We make use of a matched employee-employer dataset covering all formal employees in Brazil, including apprentices. Our identification strategy exploits a discontinuity in the eligibility to enter the program in the early 2000s, when 17 was the age limit to take part in the program. This strategy allows us to consider selection based on unobservable characteristics. We find that the program increases the probability of employment in permanent jobs and decreases turnover rates and formal labor market experience in 2-3- and 4-5-year horizons. These results are consistent with a positive effect of the program on reservation utilities of workers and on their efforts to expand skills. This is also confirmed by the data as we find substantial impacts on schooling attainment. We also find evidence that the skill requirements of the apprentices’ occupation affect the likelihood of obtaining an open-ended job in the short run and the education achievement in the medium run. The results also evince much larger effects of the program for workers who had their first job in large firms.},
  doi      = {https://doi.org/10.1016/j.labeco.2019.02.002},
  keywords = {Apprenticeship, Youth-targeted training program, Adjusted matching},
  url      = {http://www.sciencedirect.com/science/article/pii/S0927537119300089},
}

@Article{Rajao2020,
  author  = {Rajão, Raoni and Soares-Filho, Britaldo and Nunes, Felipe and Börner, Jan and Machado, Lilian and Assis, Débora and Oliveira, Amanda and Pinto, Luis and Ribeiro, Vivian and Rausch, Lisa and Gibbs, Holly and Figueira, Danilo},
  journal = {Science},
  title   = {The rotten apples of Brazil's agribusiness},
  year    = {2020},
  month   = jul,
  number  = {6501},
  pages   = {246},
  volume  = {369},
  file    = {:Science/2020 Assis et al - The rotten aples of brazil agribusiness.pdf:PDF},
  url     = {http://science.sciencemag.org/content/369/6501/246.abstract},
}

@Comment{jabref-meta: databaseType:bibtex;}
